% Encoding: UTF-8

@Misc{1,
  Title        = {The Chaos Report},
  Author       = {{Standish Group}},
  Note         = {\url{https://www.csus.edu/indiv/v/velianitis/161/chaosreport.pdf}, Accessed: 2025-09-08},
  Year         = {1995}
}

@Misc{2,
  Title        = {The Cost of Finding Bugs Later in the SDLC},
  Author       = {{Functionize}},
  Note         = {\url{https://www.functionize.com/blog/the-cost-of-finding-bugs-later-in-the-sdlc}, Accessed: 2025-09-08},
  Year         = {2023}
}

@Misc{3,
  Title        = {7 Principles of Software Testing},
  Author       = {Shankar Acharya},
  Note         = {\url{https://medium.com/@er.shankar.acharya/7-principles-of-software-testing-2d1ce74a6440}, Accessed: 2025-09-08},
  Year         = {2020}
}

@Misc{4,
  Title        = {Global Requirements Management Tools Market Size Forecast},
  Author       = {{Market Research Intellect}},
  Note         = {\url{https://www.marketresearchintellect.com/product/global-requirements-management-tools-market-size-forecast/}, Accessed: 2025-09-08},
  Year         = {2023}
}

@Misc{6,
  Title   = {A Systematic Review on Requirement Engineering Practices in Agile Software Development},
  Author  = {{IEEE Xplore}},
  Journal = {IEEE Xplore},
  Year    = {2024},
  Note    = {\url{https://ieeexplore.ieee.org/abstract/document/10759654}, Accessed: 2025-09-08}
}

@Misc{7,
  Title   = {AI-Assisted Requirement Engineering: Opportunities and Challenges},
  Author  = {{IEEE Xplore}},
  Journal = {IEEE Xplore},
  Year    = {2024},
  Note    = {\url{https://ieeexplore.ieee.org/document/10401171}, Accessed: 2025-09-08}
}

@Misc{5,
  Title  = {TF\_CDN Dataset Repository},
  Author = {Garima2751},
  Note   = {\url{https://github.com/garima2751/TF_CDN/tree/main/Data}, Accessed: 2025-09-08},
  Year   = {2022}
}
